@misc{ouroboros_classic,
    author = {Aggelos Kiayias and Alexander Russell and Bernardo David and Roman Oliynykov},
    title = {Ouroboros: A Provably Secure Proof-of-Stake Blockchain Protocol},
    howpublished = {Cryptology ePrint Archive, Report 2016/889},
    year = {2016},
    note = {\url{http://eprint.iacr.org/2016/889}},
}

@misc{utxo_accounting,
    author = {Joachim Zahnentferner},
    title = {Chimeric Ledgers: Translating and Unifying UTXO-based and Account-based Cryptocurrencies},
    howpublished = {Cryptology ePrint Archive, Report 2018/262},
    year = {2018},
    note = {\url{https://eprint.iacr.org/2018/262}},
}

